<record><leader>00000cas a22000007a 4500</leader><controlfield tag="001">1758667</controlfield><controlfield tag="008">751101d18631871mnuwr ne      0    0eng d</controlfield><datafield ind1=" " ind2=" " tag="010"><subfield code="a">sn 90057589 </subfield></datafield><datafield ind1=" " ind2=" " tag="040"><subfield code="a">MUL</subfield><subfield code="b">eng</subfield><subfield code="c">MUL</subfield><subfield code="d">MN#</subfield><subfield code="d">OCL</subfield><subfield code="d">OCLCQ</subfield><subfield code="d">OCLCF</subfield><subfield code="d">OCLCO</subfield></datafield><datafield ind1="1" ind2=" " tag="029"><subfield code="a">AU@</subfield><subfield code="b">000020225295</subfield></datafield><datafield ind1=" " ind2=" " tag="042"><subfield code="a">msc</subfield></datafield><datafield ind1=" " ind2=" " tag="043"><subfield code="a">n-us-mn</subfield></datafield><datafield ind1=" " ind2=" " tag="052"><subfield code="a">4144</subfield><subfield code="b">M65</subfield></datafield><datafield ind1=" " ind2=" " tag="052"><subfield code="a">4143</subfield><subfield code="b">W9</subfield></datafield><datafield ind1="0" ind2="4" tag="245"><subfield code="a">The northern statesman.</subfield></datafield><datafield ind1=" " ind2=" " tag="260"><subfield code="a">Monticello, Wright County, Minn. :</subfield><subfield code="b">[George Gray],</subfield><subfield code="c">-1871.</subfield></datafield><datafield ind1=" " ind2=" " tag="300"><subfield code="a">v.</subfield></datafield><datafield ind1=" " ind2=" " tag="310"><subfield code="a">Weekly</subfield></datafield><datafield ind1="1" ind2=" " tag="362"><subfield code="a">Began Aug. 1, 1863.</subfield></datafield><datafield ind1="0" ind2=" " tag="362"><subfield code="a">-v. 12, no. 42 (May 6, 1871).</subfield></datafield><datafield ind1=" " ind2=" " tag="515"><subfield code="a">Numbering irregular.</subfield></datafield><datafield ind1=" " ind2=" " tag="530"><subfield code="a">Available on microfilm from the Minnesota Historical Society.</subfield></datafield><datafield ind1=" " ind2=" " tag="588"><subfield code="a">Description based on: Vol. 1, no. 37 (Apr. 9, 1864).</subfield></datafield><datafield ind1=" " ind2="0" tag="651"><subfield code="a">Monticello (Minn.)</subfield><subfield code="v">Newspapers.</subfield></datafield><datafield ind1=" " ind2="7" tag="655"><subfield code="a">Newspapers.</subfield><subfield code="2">fast</subfield><subfield code="0">(OCoLC)fst01423814</subfield></datafield><datafield ind1=" " ind2="7" tag="651"><subfield code="a">Minnesota</subfield><subfield code="z">Monticello.</subfield><subfield code="2">fast</subfield><subfield code="0">(OCoLC)fst01211715</subfield></datafield><datafield ind1=" " ind2=" " tag="752"><subfield code="a">United States</subfield><subfield code="b">Minnesota</subfield><subfield code="c">Wright</subfield><subfield code="d">Monticello.</subfield></datafield><datafield ind1="0" ind2="0" tag="780"><subfield code="t">Courier (Monticello, Minn.)</subfield><subfield code="w">(DLC)sn 90057588</subfield></datafield></record>